<record><leader>00000cas a22000007a 4500</leader><controlfield tag="001">20646207</controlfield><controlfield tag="008">891114d18611uuugauwr ne      0    0eng d</controlfield><datafield ind1=" " ind2=" " tag="010"><subfield code="a">sn 89053833 </subfield></datafield><datafield ind1=" " ind2=" " tag="040"><subfield code="a">NLG</subfield><subfield code="b">eng</subfield><subfield code="c">NLG</subfield><subfield code="d">GUA</subfield><subfield code="d">OCLCQ</subfield><subfield code="d">OCLCF</subfield><subfield code="d">OCLCO</subfield></datafield><datafield ind1="1" ind2=" " tag="029"><subfield code="a">AU@</subfield><subfield code="b">000020591123</subfield></datafield><datafield ind1=" " ind2=" " tag="042"><subfield code="a">msc</subfield></datafield><datafield ind1=" " ind2=" " tag="043"><subfield code="a">n-us-ga</subfield></datafield><datafield ind1="0" ind2=" " tag="130"><subfield code="a">Advocate (Carrollton, Ga.)</subfield></datafield><datafield ind1="1" ind2="4" tag="245"><subfield code="a">The advocate.</subfield></datafield><datafield ind1=" " ind2=" " tag="260"><subfield code="a">Carrollton, Ga. :</subfield><subfield code="b">Anderson, Asbury &amp; Co.</subfield></datafield><datafield ind1=" " ind2=" " tag="300"><subfield code="a">v.</subfield></datafield><datafield ind1=" " ind2=" " tag="310"><subfield code="a">Weekly</subfield></datafield><datafield ind1="1" ind2=" " tag="362"><subfield code="a">Began in 1861?</subfield></datafield><datafield ind1=" " ind2=" " tag="530"><subfield code="a">Also on microfilm: Athens, Ga. : University of Georgia Libraries.</subfield></datafield><datafield ind1=" " ind2=" " tag="588"><subfield code="a">Description based on: Vol. 1, no. 47 (Mar. 1, 1861).</subfield></datafield><datafield ind1=" " ind2="0" tag="651"><subfield code="a">Carrollton (Ga.)</subfield><subfield code="v">Newspapers.</subfield></datafield><datafield ind1=" " ind2="0" tag="651"><subfield code="a">Carroll County (Ga.)</subfield><subfield code="v">Newspapers.</subfield></datafield><datafield ind1=" " ind2="7" tag="655"><subfield code="a">Newspapers.</subfield><subfield code="2">fast</subfield><subfield code="0">(OCoLC)fst01423814</subfield></datafield><datafield ind1=" " ind2="7" tag="651"><subfield code="a">Georgia</subfield><subfield code="z">Carroll County.</subfield><subfield code="2">fast</subfield><subfield code="0">(OCoLC)fst01211775</subfield></datafield><datafield ind1=" " ind2="7" tag="651"><subfield code="a">Georgia</subfield><subfield code="z">Carrollton.</subfield><subfield code="2">fast</subfield><subfield code="0">(OCoLC)fst01208501</subfield></datafield><datafield ind1=" " ind2=" " tag="752"><subfield code="a">United States</subfield><subfield code="b">Georgia</subfield><subfield code="c">Carroll</subfield><subfield code="d">Carrollton.</subfield></datafield><datafield ind1="0" ind2="0" tag="780"><subfield code="t">Carrollton advocate (Carrollton, Ga.)</subfield><subfield code="w">(DLC)sn 89053834</subfield><subfield code="w">(OCoLC)20646276</subfield></datafield></record>